@INPROCEEDINGS{Fedor2003,
author = {Martin Fedor},
title = {Application of Inverse Kinematics for Skeleton Manipulation in Real-time},
pages = {201--210},
booktitle = {Proceeding of Spring Conference on Computer Graphics 2003},
year = {2003},
location = {Bratislava, SK},
publisher = {Slovak University of Technology in Bratislava},
ISBN = {80-223-1837-X},
language = {english},
url = {http://www.fit.vutbr.cz/research/view_pub.php?id=7171}
}

@mastersthesis{Welman1993,
	author		= "Chris Welman",
	title		= "Inverse Kinematics and Geometric Constraints for Articulated Figure Manipulation",
	school		= "Simon Fraser University",
	year		= "1993",
	month		= "September",
}